@misc{ ss:porcentaje,
       author = "Gobierno de España",
       title = "Bases y tipos de cotización 2021",
       year = "2021",
       howpublished = "\url{https://www.seg-social.es/wps/portal/wss/internet/Trabajadores/CotizacionRecaudacionTrabajadores/36537}",
}

@misc{ hacienda:somostodos,
       author = "Gobierno de España",
       title = "Impuesto sobre la Renta de las Personas Físicas (IRPF)",
       year = "2021",
       howpublished = "\url{https://www.agenciatributaria.es/AEAT.internet/IRPF.shtml}",
}

@misc{ microsoft:install,
       author = "Microsoft",
       title = "Instalación de las herramientas",
       year = "2021",
       howpublished = "\url{https://docs.microsoft.com/es-es/windows/mixed-reality/develop/install-the-tools?tabs=unity}",
}

@misc{ unity:requisitos,
       author = "Unity",
       title = "System requirements for Unity",
       year = "2021",
       howpublished = "\url{https://docs.unity3d.com/Manual/system-requirements.html}",
}

@misc{ microsoft:sdk,
       author = "Microsoft",
       title = "SDK de Windows 10",
       year = "2021",
       howpublished = "\url{https://developer.microsoft.com/es-es/windows/downloads/windows-10-sdk/}",
}

@misc{ node:jsss,
       author = "Node.js",
       title = "Node.js® es un entorno de ejecución para JavaScript construido con el motor de JavaScript V8 de Chrome.",
       year = "2021",
       howpublished = "\url{https://nodejs.org/es/}",
}

@misc{ node:dss,
       author = "Node-dss",
       title = "Node-dss",
       year = "2021",
       howpublished = "\url{https://github.com/bengreenier/node-dss}",
}

@misc{ visual:studio,
       author = "Microsoft",
       title = "IDE de Visual Studio",
       year = "2021",
       howpublished = "\url{https://visualstudio.microsoft.com/es/}",
}

@misc{ unity:version,
       author = "Unity",
       title = "Archivo de descarga de Unity",
       year = "2021",
       howpublished = "\url{https://unity3d.com/es/get-unity/download/archive}",
}