@misc{ itcl:latex,
       author = "ITCL",
       title = "ITCL - Quiénes somos",
       year = "2021",
       howpublished = "\url{https://itcl.es/itcl-quienes-somos/}",
}

@misc{ microsoft:hololens2,
       author = "Microsoft",
       title = "HoloLens 2",
       year = "2021",
       howpublished = "\url{https://www.microsoft.com/es-es/hololens}",
}

@misc{ unity:unity,
       author = "Unity",
       title = "La plataforma líder para crear contenido interactivo en tiempo real",
       year = "2021",
       howpublished = "\url{https://unity.com/es}",
}
@misc{ node:js,
       author = "Node.js®",
       title = "Entorno de ejecución Node.js",
       year = "2021",
       howpublished = "\url{https://nodejs.org/es/}",
}
@misc{ git:github,
       author = "GitHub",
       title = "Where the world builds software",
       year = "2021",
       howpublished = "\url{https://github.com/}",
}
@misc{ git:zenhub,
       author = "ZenHub",
       title = "Project Management in GitHub",
       year = "2021",
       howpublished = "\url{https://www.zenhub.com/}",
}
@misc{ wiki:ar,
       author = "Wikipedia",
       title = "Augmented reality",
       year = "2021",
       howpublished = "\url{https://en.wikipedia.org/wiki/Augmented_reality}",
}
@misc{ wiki:vr,
       author = "Wikipedia",
       title = "Virtual reality",
       year = "2021",
       howpublished = "\url{https://en.wikipedia.org/wiki/Virtual_reality}",
}
@misc{ wiki:xr,
       author = "Wikipedia",
       title = "Mixed reality",
       year = "2021",
       howpublished = "\url{https://en.wikipedia.org/wiki/Mixed_reality}",
}
@misc{ microsoft:xr,
       author = "Microsoft",
       title = "¿Qué es Mixed Reality?",
       year = "2021",
       howpublished = "\url{https://docs.microsoft.com/es-es/windows/mixed-reality/discover/mixed-reality}",
}
@misc{ unity:fov,
       author = "Unity",
       title = "Field of view",
       year = "2021",
       howpublished = "\url{https://docs.unity3d.com/ScriptReference/Camera-fieldOfView.html}",
}
@misc{ microsoft:seguimientoojos,
       author = "Microsoft",
       title = "Seguimiento de los ojos en HoloLens 2",
       year = "2021",
       howpublished = "\url{https://docs.microsoft.com/es-es/windows/mixed-reality/design/eye-tracking}",
}
@misc{ microsoft:seguimientomanos,
       author = "Microsoft",
       title = "Seguimiento de manos y ojos articulados en Unity",
       year = "2021",
       howpublished = "\url{https://docs.microsoft.com/es-es/windows/mixed-reality/develop/unity/hand-eye-in-unity}",
}
@misc{ microsoft:tracking,
       author = "Microsoft",
       title = "Menú Mano",
       year = "2021",
       howpublished = "\url{https://docs.microsoft.com/es-es/windows/mixed-reality/design/hand-menu}",
}
@misc{ microsoft:dynamics,
       author = "Microsoft",
       title = "Funcionalidades de Dynamics 365 Remote Assist",
       year = "2021",
       howpublished = "\url{https://dynamics.microsoft.com/es-es/mixed-reality/remote-assist/capabilities/}",
}
@misc{ microsoft:spatialmapping,
       author = "Microsoft",
       title = "Asignación espacial",
       year = "2021",
       howpublished = "\url{https://docs.microsoft.com/es-es/windows/mixed-reality/design/spatial-mapping}",
}
@misc{ stereolabs:spatialmapping,
       author = "StereoLabs",
       title = "Spatial Mapping Overview",
       year = "2021",
       howpublished = "\url{https://www.stereolabs.com/docs/spatial-mapping/}",
}
@misc{ blogthinkbig:motorgrafico,
       author = "Blogthinkbig",
       title = "Qué son los motores gráficos y cuáles son los más populares",
       year = "2021",
       howpublished = "\url{https://blogthinkbig.com/motores-graficos#:~:text=Los%20desarrolladores%20de%20juegos%20no,lo%20largo%20de%20muchos%20a%C3%B1os.}",
}
@misc{ Microsoft:c,
       author = "Microsoft",
       title = "Documentación de C\#",
       year = "2021",
       howpublished = "\url{https://docs.microsoft.com/es-es/dotnet/csharp/}",
}
@misc{ unity:gameobject,
       author = "Unity",
       title = "GameObject",
       year = "2021",
       howpublished = "\url{https://docs.unity3d.com/ScriptReference/GameObject.html}",
}
@misc{ unity:raycast,
       author = "Unity",
       title = "Raycast",
       year = "2021",
       howpublished = "\url{https://docs.unity3d.com/ScriptReference/Physics.Raycast.html}",
}
@misc{ unity:scenes,
       author = "Unity",
       title = "Scenes",
       year = "2021",
       howpublished = "\url{https://docs.unity3d.com/Manual/CreatingScenes.html}",
}
@misc{ wiki:fps,
       author = "Wikipedia",
       title = "Fotogramas por segundo",
       year = "2021",
       howpublished = "\url{https://es.wikipedia.org/wiki/Fotogramas_por_segundo}",
}
@misc{ scrum:srum,
       author = "ProyectosAgiles",
       title = "¿Qué es Scrum?",
       year = "2021",
       howpublished = "\url{https://proyectosagiles.org/que-es-scrum/}",
}
@misc{ git:gitkraken,
       author = "GitKraken",
       title = "Legendary Git client for Windows, Mac & Linux. Free for open source",
       year = "2021",
       howpublished = "\url{https://www.gitkraken.com/git-client}",
}
@misc{ wiki:control,
       author = "Wikipedia",
       title = "Control de versiones",
       year = "2021",
       howpublished = "\url{https://es.wikipedia.org/wiki/Control_de_versiones}",
}
@misc{ git:bitbucket,
       author = "Bitbucket",
       title = "Built for professional teams",
       year = "2021",
       howpublished = "\url{https://bitbucket.org/}",
}
@misc{ git:jira,
       author = "Jira Software",
       title = "La herramienta de desarrollo de software líder de los equipos ágiles",
       year = "2021",
       howpublished = "\url{https://www.atlassian.com/es/software/jira}",
}
@misc{ git:webrtc,
       author = "WebRTC",
       title = "MixedReality-WebRTC",
       year = "2021",
       howpublished = "\url{https://github.com/microsoft/MixedReality-WebRTC}",
}

@misc{ unity:windowsmixedreality,
       author = "Unity",
       title = "Unity entra al terreno inmersivo con Windows Mixed Reality",
       year = "2021",
       howpublished = "\url{https://unity3d.com/es/partners/microsoft/mixed-reality}",
}

@misc{ pun:pun,
       author = "Photon Unity Networking",
       title = "We Make Multiplayer Simple",
       year = "2021",
       howpublished = "\url{https://www.photonengine.com/en-US/Photon}",
}

@misc{ jetbrain:rider,
       author = "JetBrains",
       title = "Rider: El IDE .NET multiplataforma de JetBrains",
       year = "2021",
       howpublished = "\url{https://www.jetbrains.com/es-es/rider/}",
}

@misc{ visual:studio,
       author = "Visual Studio",
       title = "Visual Studio",
       year = "2021",
       howpublished = "\url{https://visualstudio.microsoft.com/es/}",
}

@misc{ node:dss,
       author = "Node.js",
       title = "node-dss",
       year = "2021",
       howpublished = "\url{https://github.com/bengreenier/node-dss}",
}

@misc{ windows:sdk,
       author = "Microsoft",
       title = "SDK de Windows 10",
       year = "2021",
       howpublished = "\url{https://developer.microsoft.com/es-es/windows/downloads/windows-10-sdk/}",
}

@misc{ windows:deviceportal,
       author = "Microsoft",
       title = "Introducción a Windows Device Portal",
       year = "2021",
       howpublished = "\url{https://docs.microsoft.com/es-es/windows/uwp/debug-test-perf/device-portal}",
}

@misc{ microsoft:azure,
       author = "Microsoft",
       title = "Microsoft Azure: Servicios de informática en la nube",
       year = "2021",
       howpublished = "\url{https://azure.microsoft.com/es-es/}",
}

@misc{ unity:multiplayer,
       author = "Unity",
       title = "The Multiplayer High Level API",
       year = "2021",
       howpublished = "\url{https://docs.unity3d.com/Manual/UNetUsingHLAPI.html}",
}

@misc{ microsoft:resoluciones,
       author = "Microsoft",
       title = "Cámara localizable",
       year = "2021",
       howpublished = "\url{https://docs.microsoft.com/es-es/windows/mixed-reality/develop/platform-capabilities-and-apis/locatable-camera}",
}
@misc{ calculos:vectoriales,
       author = "Berenger",
       title = "How to calculate direction between 2 objects",
       year = "2021",
       howpublished = "\url{https://answers.unity.com/questions/697830/how-to-calculate-direction-between-2-objects.html}",
}



